@misc{LGoodDatePicker,
  author = {LGoodDatePicker Team},
  title = {LGoodDatePicker},
  year = {2024},
  note   = {\url{https://github.com/LGoodDatePicker}}
}
